2634 4852
574 304 605 378 P
631 303 667 381 O
694 303 728 379 L

124 459 316 521 POLONIA.
357 457 501 518 Ordinum
517 457 609 536 Regni
625 457 758 517 Poloniae
773 457 1023 538 nonnullorumque
1036 462 1096 536 ejus
1111 462 1178 522 Ma-

163 543 346 617 gistratuum,
370 537 406 596 de
430 538 579 596 Electione
601 537 776 613 sigismundi
800 536 854 594 111.
876 537 973 616 Regis,
997 539 1033 598 ad
1053 539 1177 600 diversos

163 620 312 697 Principes
339 617 515 676 Christianos
552 618 730 694 Legationes,
763 615 910 694 Epistolae,
942 617 1097 695 Responsa.
1146 621 1179 676 4⁰

121 698 425 843 fflffidlonia,
445 794 494 834 seu
519 777 618 834 Brevis
640 775 803 850 Descriptio
825 775 953 832 Statvvm
980 775 1071 853 Regni
1095 776 1179 836 Polo·

164 856 239 913 niae:
260 874 297 911 ex
320 856 404 911 variis
426 855 602 914 Auctoribus
625 854 744 913 collecta
768 871 785 910 a
805 853 882 912 Stan.
897 853 1114 914 Krzistanovvic
1127 855 1177 914 IC.

164 935 197 990 4⁰
215 933 349 1011 Magum.
365 932 448 992 1606.

124 1037 281 1058 —--
294 1012 451 1071 Consilium
474 1011 511 1072 de
536 1010 728 1091 recuperanda
753 1009 828 1068 Pace
853 1009 947 1089 Regni
971 1012 1106 1072 Poloniae.
1146 1014 1178 1070 4⁰

126 1089 283 1213 -1—607·
297 1170 421 1227 Simonis
436 1170 595 1229 Starovolsii
619 1170 802 1247 Scriptorum
816 1168 990 1227 Polonorum
1005 1171 1179 1228 E’KATON·

164 1257 243 1306 TA».
265 1250 297 1305 4⁰
321 1250 381 1306 Vera.
397 1249 483 1308 1627.

127 1355 284 1370 ---·-
298 1326 483 1404 Respublica,
497 1330 554 1387 sive
567 1328 663 1386 Status
675 1327 767 1403 Regni
779 1326 913 1393 Poloniae,
929 1327 1079 1396 Lituanioe,
1093 1327 1179 1386 Prus-
1227 1382 1228 1385 ,

164 1408 225 1542 egge,
247 1406 384 1543 Lilgpppae,
397 1419 452 1466 etc.
466 1408 642 1466 diversorum
656 1407 814 1463 Autorum.
847 1406 896 1462 12⁰
916 1405 1008 1482 Lugd.
1022 1406 1088 1464 Bar.
1103 1407 1181 1485 apud
1205 1408 1224 1462 .“

202 1504 257 1542 aco.
352 1527 359 1541 .

88 1558 92 1565 ’
124 1594 284 1612 ---
297 1562 510 1622 Universalium
524 1565 552 1623 S.
566 1563 666 1642 Regiae
681 1562 756 1634 Maj.
772 1560 896 1619 Poloniae
911 1563 938 1618 &
951 1561 1062 1621 Sueciae
1076 1565 1130 1620 &c
1143 1561 1180 1620 ad

164 1639 334 1700 dissidentes
347 1640 383 1699 ad
397 1642 524 1701 Ecclesia
535 1643 681 1700 Catholica
695 1641 844 1697 Romana:
866 1641 892 1696 &
907 1640 1068 1699 Literarum
1079 1642 1178 1699 illustr.

168 1721 225 1779 Dn.
237 1719 462 1797 Archiepiscopi
476 1721 655 1789 Griesnensis
669 1718 705 1778 ad
719 1717 850 1776 eosdem:
872 1729 936 1776 turn
950 1717 988 1777 ad
1003 1721 1179 1778 Universales

165 1800 219 1857 &o
233 1797 345 1857 Libelli.
368 1801 399 1857 4⁰
419 1799 509 1858 Laod.
526 1799 613 1858 1645.

127 1909 284 1923 -—-—-
297 1876 417 1936 Polonia
437 1878 553 1938 defensa
574 1874 676 1936 contra
701 1877 781 1936 Ioan.
806 1876 978 1935 Barclaivm.
1018 1879 1050 1932 4⁰
1090 1878 1179 1937 Dant.

128 1956 285 2147 *Ἓξ-84·
300 2034 429 2095 Relation
446 2036 483 2096 de
502 2035 606 2095 l’Estat
617 2034 653 2094 de
666 2035 794 2115 Pologne
809 2035 836 2092 δι
849 2033 886 2092 de
908 2034 966 2092 leur
987 2033 1180 2113 Republique.

129 2111 436 2252 fflddddvrs
449 2214 495 2253 svr
508 2194 537 2252 le
551 2177 782 2253 Govvernement
794 2189 831 2250 de
844 2191 983 2268 Pologne,
998 2211 1033 2250 ov
1049 2195 1090 2252 La
1104 2192 1184 2252 Poli·
1259 2185 1261 2198 '

166 2273 243 2349 tiqve
255 2270 305 2329 des
320 2272 458 2332 Polonois.
480 2272 530 2330 12⁰
549 2274 618 2331 Pur.
635 2272 722 2330 1669.

128 2380 287 2486 W·-
300 2347 363 2409 The
376 2353 504 2411 Ancient
517 2352 573 2410 and
590 2352 707 2410 Preseut
730 2351 808 2409 State
823 2350 857 2409 ol
873 2349 992 2409 Poland.
1027 2352 1059 2407 4⁰
1091 2349 1182 2408 Lond

127 2536 287 2554 ---
300 2507 363 2567 The
376 2508 455 2587 Dyet
467 2507 502 2567 ol
517 2498 636 2577 Pola'nd,
656 2527 672 2566 a
688 2508 783 2587 Satyr.
803 2508 835 2564 4⁰
856 2509 944 2565 Dant.
955 2508 1046 2567 (1705.

128 2618 286 2632 ---
299 2587 457 2645 Memoires
471 2607 519 2645 sur
532 2587 573 2645 les
586 2586 732 2646 dernieres
757 2587 941 2644 Revolutions
954 2586 990 2645 de
1004 2588 1031 2645 la
1046 2587 1181 2665 Pologne.

168 2666 207 2724 ori
220 2686 259 2724 on
267 2666 377 2741 justitie
389 2665 417 2724 le
431 2665 542 2724 Retour
554 2666 593 2724 du
609 2665 674 2744 Roy
685 2665 828 2743 Auguste,
843 2682 894 2741 par
908 2683 948 2722 un
963 2667 1181 2724 Gentilhomme

168 2743 333 2804 Polonnois.
354 2747 386 2803 8⁰
406 2746 470 2802 Rot.
485 2744 572 2804 1710.

129 2854 288 2871 —--
301 2825 477 2883 Universalia
501 2822 551 2883 des
581 2823 740 2902 Kdru'glich
775 2819 971 2880 Pohlnischcn
999 2824 1072 2881 Gen.
1100 2820 1183 2882 Feld·

168 2904 340 2963 Marscballs
363 2902 470 2961 Grafen
493 2921 547 2961 von
568 2903 784 2982 Flemmingan
806 2900 852 2959 die
867 2899 1073 2960 Confoederirte
1096 2903 1183 2962 Pohl-

169 2983 268 3042 nische
283 2975 577 3061 Moywodschaffteri.
598 2980 629 3037 4⁰
650 2982 737 3040 1715.

131 3090 289 3106 ·—-—-
302 3062 393 3119 Nova
405 3061 548 3130 Polonica,
569 3080 606 3119 ex
619 3061 751 3120 Comitiis
766 3058 993 3129 Grodnensibus,
1016 3059 1052 3118 de
1068 3061 1184 3138 Legatis
1256 3131 1258 3135 Α

170 3140 318 3199 Pontificis
341 3141 466 3198 Maximi
489 3150 519 3198 et
539 3140 582 3198 Re
605 3140 627 3198 is
649 3141 770 3217 Magnae
795 3140 966 3207 Britanniae,
987 3158 1043 3198 nec
1066 3159 1125 3198 non
1145 3140 1183 3199 de

168 3219 241 3276 Jure
256 3218 424 3277 Patrouatus
437 3217 551 3295 aliisqve
564 3160 602 3276 ad
615 3218 773 3277 Historiam
797 3220 987 3278 recentiorem
1012 3219 1140 3279 Poloniae
1155 3231 1184 3277 et

170 3295 299 3353 Civitatis
312 3295 511 3356 Thorunensis
524 3297 721 3372 spectantibus
735 3297 829 3355 rebus.
850 3301 882 3353 4⁰
904 3297 964 3356 Col.
979 3298 1065 3357 1728.

132 3405 291 3421 -—--
306 3375 349 3432 La
359 3373 436 3434 Voix
449 3373 521 3432 libre
533 3374 574 3432 du
588 3374 721 3452 Citoyen,
731 3395 768 3434 ou
782 3376 988 3433 Observations
1000 3394 1050 3433 sur
1063 3376 1090 3434 le
1106 3378 1185 3434 Gou-

170 3454 390 3513 vernementde
404 3453 542 3531 Pologne.
562 3455 593 3511 8⁰
616 3452 701 3512 1749.

132 3565 292 3580 --—-
304 3531 350 3593 De
359 3535 593 3593 Gouvernemcnt
607 3541 636 3592 et
650 3532 701 3591 des
716 3534 789 3593 Loix
797 3531 834 3592 de
847 3532 874 3590 la
890 3531 1027 3610 Pologne.
1048 3533 1080 3590 8⁰
1093 3531 1187 3590 Load.

132 3721 291 3738 ---
305 3693 402 3751 Lettie
422 3691 494 3750 d'un
516 3690 651 3749 Ministre
663 3689 700 3749 de
715 3690 841 3768 Pologne
855 3708 904 3748 sur
920 3690 959 3750 les
977 3690 1097 3748 Afiaires
1109 3688 1146 3748 de
1159 3690 1187 3748 la
1252 3740 1256 3752 .

172 3773 314 3852 Hongrie.
338 3772 386 3829 12⁰

134 3881 291 3899 —--
305 3850 428 3910 Mandat
441 3870 472 3909 so
484 3850 537 3909 der
550 3841 663 3908 Primas
679 3848 775 3928 Regni
790 3868 845 3908 von
859 3848 966 3908 Poblen
980 3868 1017 3909 an
1031 3851 1108 3909 seine
1122 3847 1185 3910 Ad·
1278 3872 1295 3891 ·

172 3931 321 3989 haerenten
334 3930 467 4009 abgeben
485 3931 585 3988 lassen.
605 3931 638 3985 4⁰
694 3973 696 3984 .

135 4008 286 4072 POLONv
321 4010 341 4067 S
356 4014 395 4085 (e.
411 4011 453 4087 r.)
466 4031 491 4068 u.
514 4027 668 4066 acarnani.
685 4017 793 4066 aratra·

135 4087 274 4144 POLON
306 4088 518 4162 S(mnnr1uus)
534 4108 559 4146 a.
574 4106 736 4146 inanimus.
857 4114 864 4122 ’

136 4164 297 4302 ΡίίἒξδΕΒ
310 4170 468 4242 (arenario)
483 4168 545 4227 The
559 4167 696 4246 Pathway
712 4176 742 4224 to
755 4166 868 4245 perlect
881 4167 1009 4246 Sayling.
1044 4166 1076 4222 4⁰
1096 4163 1188 4222 Load.

136 4321 335 4384 POLTZIUS
350 4327 531 4404 (conannas)
554 4326 728 4404 Disputatio.
744 4346 797 4386 xri.
820 4326 1036 4404 Problematum
1063 4320 1189 4381 Phileto·

176 4403 340 4482 phicorum.
359 4405 392 4465 4⁰
415 4404 521 4467 Witteb.
543 4405 628 4468 1623.
994 4475 1191 4540 POLTZIUS
