2634 4852
598 246 756 323 PAN

151 398 486 534 PANTHEpfflim.)
503 397 674 459 Monarchia
695 398 741 458 del
762 408 858 458 nostro
882 399 984 478 Signor
1003 394 1063 456 Iesr
1078 394 1207 455 Christo.

189 484 221 538 8⁰
245 481 305 538 Ven.
399 522 407 536 .

151 556 369 635 PANTHEUS
384 559 442 633 (ro.
457 556 541 628 suo.)
557 558 613 614 Ars
626 553 882 615 Transmvtationis
896 552 1055 614 metallicae.
1083 554 1116 610 4⁰
1141 552 1207 610 Ven.

320 712 548 772 Voarchadrmia
562 720 661 771 contra
679 713 859 772 Alchimiam.
880 714 912 771 4⁰
936 712 997 771 Vm.
1014 709 1100 770 1580.

141 821 618 840 ·--———-—-—
632 792 663 849 8⁰
687 793 754 849 Pur.
770 791 855 850 1550.
1095 804 1100 813 “

151 870 348 930 PANTHOT
371 873 441 948 (m.)
464 869 578 928 Brieves
602 869 801 928 Dissertations
823 888 873 929 sur
896 868 1016 948 l'Usage
1037 866 1089 928 des
1117 868 1207 927 Baius

70 975 72 981 ·
191 949 307 1009 chauds.
328 952 360 1006 4⁰
380 951 466 1026 Lyon.
483 947 569 1008 1700.

152 1027 337 1088 PANTING
353 1027 514 1106 (srsruan)
528 1047 554 1086 v.
569 1043 715 1085 nocrrssr.

154 1106 360 1166 PANTINUS
374 1106 471 1182 (uus.)
487 1125 511 1185 v.
527 1124 640 1164 cursus.

154 1183 360 1243 PANTINUS
375 1185 514 1262 (rursus)
529 1204 554 1241 n.
570 1202 760 1242 nrosrosrus.

154 1261 322 1323 PANTON
340 1263 443 1339 (now.)
458 1261 614 1338 Speculum
636 1262 818 1321 Juventutis:
838 1279 880 1329 or,
899 1270 992 1320 ntrne
1007 1260 1117 1319 Mirror
1136 1277 1208 1338 por-

194 1340 288 1419 tray’d
306 1351 336 1399 to
357 1341 405 1398 the
424 1340 486 1399 Life
502 1342 531 1398 in
544 1342 593 1399 the
608 1341 725 1418 Legend
739 1340 773 1400 os
789 1340 893 1398 Sisaras
914 1338 971 1418 and
991 1339 1133 1399 Vallinda.
1175 1341 1209 1396 8⁰

193 1421 284 1479 Lond.
300 1419 385 1478 1671.

156 1498 358 1558 PANVINIO
374 1498 532 1572 (onornro)
547 1517 572 1554 v.
588 1515 736 1554 norssrnu.
752 1515 886 1555 marrus.
901 1515 1028 1555 usurus.

153 1608 309 1624 -——
326 1577 461 1652 Epitome
475 1575 644 1635 Pontificum
659 1575 864 1644 Romanorum,
883 1593 900 1632 a
918 1576 946 1634 S.
962 1575 1048 1634 Petro
1061 1588 1154 1650 usque
1169 1569 1210 1629 ad

194 1654 317 1714 Paulum
332 1655 402 1712 llll.
423 1654 472 1712 101.
498 1652 558 1712 l'en.
574 1653 660 1712 1557.

153 1765 309 1781 --
322 1731 516 1792 Romanorvm
533 1732 709 1810 Principum.
750 1730 885 1790 Eiusdem
900 1732 946 1790 De
959 1729 1093 1790 Comitiis
1106 1727 1211 1806 Impe-

193 1815 314 1873 ratoriis.
334 1811 382 1869 fol.
404 1812 470 1868 Bar.
489 1811 572 1869 1558.

154 1923 311 1941 --—-
324 1888 457 1947 XXVll.
471 1889 643 1947 Pontificvm
665 1889 862 1948 Maximorum
877 1889 977 1968 Elogia
997 1899 1026 1947 et
1050 1886 1209 1964 Imagines.

90 2032 94 2039 ¹
192 1968 241 2027 101.
261 1969 340 2026 Rom.
359 1967 443 2026 1568.

88 2098 92 2110 .
154 2079 312 2096 ---
325 2046 472 2105 Fastorum
497 2047 573 2105 Libri
593 2067 620 2104 v.
643 2066 659 2105 a
683 2048 807 2106 Romulo
821 2046 857 2104 ad
872 2046 1010 2105 Carolum
1024 2044 1061 2103 V.
1076 2042 1211 2103 Austrin-

195 2143 270 2193 cvm,
291 2143 358 2182 curn
373 2128 535 2184 Comment.
550 2128 680 2203 propriis,
694 2135 724 2184 et
737 2126 918 2203 Appendice.
942 2123 991 2183 101.
1014 2125 1103 2183 Heid.
1121 2121 1211 2180 1588.

153 2235 311 2255 .---
325 2203 429 2261 Civitas
443 2204 581 2262 Romana.
601 2206 633 2262 8⁰
653 2206 720 2263 Pur.
737 2206 822 2263 1588.

154 2315 311 2332 ---
323 2282 369 2342 De
391 2284 519 2342 Primatu
539 2283 627 2348 Petri,
647 2286 673 2341 &
695 2284 872 2361 Apostolicre
887 2282 967 2340 Sedis
982 2282 1135 2340 Potestute.
1159 2279 1213 2339 Li·

193 2362 239 2419 bri
254 2370 310 2418 tres
323 2369 422 2419 contra
436 2361 630 2420 Centvriarvm
644 2363 790 2420 Auctores.
810 2365 841 2419 4⁰
865 2361 922 2418 Ver.
940 2360 1025 2418 1589.

154 2472 312 2488 -—-
325 2438 504 2516 Reipublieae
520 2440 658 2498 Romame
674 2440 956 2498 Commentariorum
974 2439 1052 2497 Libri
1069 2448 1136 2496 tres.
1157 2436 1212 2496 101.

192 2521 296 2577 Fruar.
312 2520 398 2577 1597.
758 2528 760 2532 ’

154 2630 312 2644 --
325 2596 371 2655 De
394 2596 481 2655 Ludis
503 2597 685 2656 Circensibus
708 2597 786 2656 Libri
801 2617 832 2655 11.
862 2597 907 2654 De
924 2596 1097 2673 Triumphis
1120 2595 1213 2653 Liber

193 2694 270 2735 vnvs.
291 2673 341 2732 101.
367 2676 427 2733 Van.
442 2675 527 2734 1600.

152 2785 625 2802 ·----—--—
641 2754 689 2815 12⁰
708 2754 777 2812 Par.
791 2752 877 2811 1601.

154 2863 311 2879 --——
639 2851 707 2890 cum
723 2832 804 2890 Notis
813 2832 934 2890 Joannis
946 2832 1060 2912 Argoli,
1071 2841 1101 2890 et
1114 2829 1214 2890 Addi-

194 2918 324 2968 tamento
338 2909 447 2967 Nicolai
463 2911 584 2969 Pinellii.
603 2910 651 2968 101.
672 2912 736 2968 Par.
753 2908 838 2967 1681.

154 2987 370 3044 ---De
391 2986 477 3046 Vrbis
498 2987 622 3046 Veronoe
643 2987 721 3046 Viris
751 2988 882 3047 doctrina
911 2991 937 3046 &
971 2988 1074 3047 bellica
1099 2990 1212 3046 virtute

193 3064 344 3122 illvstribvs
359 3064 541 3141 Opvscvlvm.
561 3069 593 3123 4⁰
617 3067 674 3124 Ver.
692 3066 777 3125 1621.

154 3173 312 3188 --—-
325 3143 369 3200 De
383 3145 560 3220 Baptismate
573 3142 713 3213 Paschali,
724 3155 753 3203 et
766 3145 888 3223 Origine
900 3163 933 3203 ac
948 3146 1004 3204 ritv
1019 3143 1212 3206 consecrandi

195 3221 295 3297 Agnos
308 3220 373 3279 Dei.
394 3224 425 3278 80
445 3223 524 3279 Rom.
539 3221 625 3283 1630.
801 3214 811 3237 ‘

154 3299 368 3357 -—-De
389 3299 553 3376 Triumpho
575 3299 823 3359 Commentarius:
848 3320 916 3360 cum
941 3310 1000 3382 not.
1030 3304 1116 3379 Joau.
1138 3304 1212 3364 Joh.

194 3375 320 3434 Maderi.
340 3378 372 3435 4⁰
394 3377 507 3435 Helmst.
522 3377 608 3436 1676.

154 3483 312 3500 --—
327 3455 372 3512 De
395 3455 463 3513 Ritu
486 3454 638 3534 sepeliendi
661 3467 788 3515 mortuos
804 3456 883 3535 apud
896 3466 1005 3518 veteres
1019 3440 1214 3523 Christianos.

193 3536 224 3590 4⁰
244 3535 343 3593 Fruar.
360 3533 445 3592 1717.

148 3616 310 3657 “---
324 3611 506 3689 Amplissimi
521 3614 746 3691 ornatissimique
760 3614 925 3690 Triumphi.
945 3617 977 3673 4⁰
989 3615 1083 3676 Antan.

155 3686 375 3824 Pnnulpffls
390 3693 598 3764 (vrucnnrrus)
618 3692 748 3769 Epistola
759 3691 795 3749 de
809 3693 897 3752 tribvs
920 3694 1139 3772 Impostoribvs.
1182 3700 1217 3757 4⁰

156 3765 365 3899 ΡΑΙ11Τ11Τ1118
377 3845 583 3917 (vincsurrus)
597 3865 623 3904 v.
639 3866 760 3906 annuus.

156 3917 298 4050 ΡΑῙΙέξΒΑ
312 3920 427 3993 (runs.)
442 3920 528 3997 Saggi
543 3920 653 3981 diversi.
676 3924 760 3981 Parte
773 3925 869 4001 prima
877 3925 914 3987 de
926 3929 1058 3990 Gemelli.
1080 3933 1113 3992 80
1133 3930 1217 4011 Nap.

156 4067 569 4208 PATlfflqllglmlul
584 4077 628 4137 De
642 4078 839 4161 Hispanorum
854 4085 1026 4148 Literatura.
1070 4089 1103 4146 4⁰
1138 4088 1220 4170 Aug.

1044 4325 1220 4389 PANZER
