<?xml version="1.0" encoding="UTF-8"?>
<!DOCTYPE html PUBLIC "-//W3C//DTD XHTML 1.0 Transitional//EN"
    "http://www.w3.org/TR/xhtml1/DTD/xhtml1-transitional.dtd">
<html xmlns="http://www.w3.org/1999/xhtml" xml:lang="en" lang="en">
 <head>
  <title>
</title>
<meta http-equiv="Content-Type" content="text/html;charset=utf-8" />
  <meta name='ocr-system' content='tesseract 3.04.00' />
  <meta name='ocr-capabilities' content='ocr_page ocr_carea ocr_par ocr_line ocrx_word'/>
</head>
<body>
  <div class='ocr_page' id='page_1' title='image "./librorumimpress05bookgoog_0277.png"; bbox 0 0 2634 4852; ppageno 0'>
   <div class='ocr_carea' id='block_1_1' title="bbox 615 295 770 375">
    <p class='ocr_par' dir='ltr' id='par_1_1' title="bbox 615 295 770 375">
     <span class='ocr_line' id='line_1_1' title="bbox 615 295 770 375; baseline 0.006 -1"><span class='ocrx_word' id='word_1_1' title='bbox 615 295 770 375; x_wconf 89' lang='lat' dir='ltr'>PLU</span> 
     </span>
    </p>
   </div>
   <div class='ocr_carea' id='block_1_2' title="bbox 162 447 1221 1165">
    <p class='ocr_par' dir='ltr' id='par_1_2' title="bbox 162 447 1220 928">
     <span class='ocr_line' id='line_1_2' title="bbox 163 447 1220 524; baseline -0.002 -5"><span class='ocrx_word' id='word_1_2' title='bbox 163 452 441 519; x_wconf 83' lang='lat' dir='ltr'><strong>PLUTARCHUS.</strong></span> <span class='ocrx_word' id='word_1_3' title='bbox 483 451 614 512; x_wconf 81' lang='lat' dir='ltr'>Libellus</span> <span class='ocrx_word' id='word_1_4' title='bbox 631 450 668 511; x_wconf 88' lang='lat' dir='ltr'>de</span> <span class='ocrx_word' id='word_1_5' title='bbox 691 473 748 512; x_wconf 91' lang='lat' dir='ltr'>non</span> <span class='ocrx_word' id='word_1_6' title='bbox 762 448 923 513; x_wconf 75' lang='lat' dir='ltr'>irascendo.</span> <span class='ocrx_word' id='word_1_7' title='bbox 942 447 1088 524; x_wconf 86' lang='lat' dir='ltr'>Eiusdem,</span> <span class='ocrx_word' id='word_1_8' title='bbox 1106 450 1145 514; x_wconf 90' lang='lat' dir='ltr'>de</span> <span class='ocrx_word' id='word_1_9' title='bbox 1160 450 1220 517; x_wconf 87' lang='lat' dir='ltr'>Cn·</span> 
     </span>
     <span class='ocr_line' id='line_1_3' title="bbox 203 532 1191 596; baseline -0.004 -1"><span class='ocrx_word' id='word_1_10' title='bbox 203 538 339 596; x_wconf 88' lang='lat' dir='ltr'>riositate.</span> <span class='ocrx_word' id='word_1_11' title='bbox 364 537 415 593; x_wconf 84' lang='lat' dir='ltr'>Gr.</span> <span class='ocrx_word' id='word_1_12' title='bbox 430 551 498 592; x_wconf 91' lang='lat' dir='ltr'>cum</span> <span class='ocrx_word' id='word_1_13' title='bbox 515 533 580 593; x_wconf 78' lang='lat' dir='ltr'>Lot.</span> <span class='ocrx_word' id='word_1_14' title='bbox 601 534 730 591; x_wconf 72' lang='lat' dir='ltr'>versione</span> <span class='ocrx_word' id='word_1_15' title='bbox 744 533 813 590; x_wconf 90' lang='lat' dir='ltr'>Des.</span> <span class='ocrx_word' id='word_1_16' title='bbox 828 532 950 591; x_wconf 77' lang='lat' dir='ltr'>Erasini.</span> <span class='ocrx_word' id='word_1_17' title='bbox 971 536 1001 591; x_wconf 85' lang='lat'>8⁰</span> <span class='ocrx_word' id='word_1_18' title='bbox 1021 533 1089 592; x_wconf 83' lang='lat' dir='ltr'>Bos.</span> <span class='ocrx_word' id='word_1_19' title='bbox 1105 534 1191 594; x_wconf 77' lang='lat'>1525.</span> 
     </span>
     <span class='ocr_line' id='line_1_4' title="bbox 163 611 1219 688; baseline -0.001 -15"><span class='ocrx_word' id='word_1_20' title='bbox 163 647 318 664; x_wconf 91' lang='lat'>---</span> <span class='ocrx_word' id='word_1_21' title='bbox 333 615 379 674; x_wconf 82' lang='lat' dir='ltr'>De</span> <span class='ocrx_word' id='word_1_22' title='bbox 399 612 476 672; x_wconf 90' lang='lat' dir='ltr'>Iside</span> <span class='ocrx_word' id='word_1_23' title='bbox 498 621 527 670; x_wconf 91' lang='lat' dir='ltr'>et</span> <span class='ocrx_word' id='word_1_24' title='bbox 549 611 661 671; x_wconf 87' lang='lat' dir='ltr'>Osiride</span> <span class='ocrx_word' id='word_1_25' title='bbox 684 611 867 688; x_wconf 85' lang='lat' dir='ltr'>Opusculum</span> <span class='ocrx_word' id='word_1_26' title='bbox 882 621 948 670; x_wconf 87' lang='lat' dir='ltr'>ante</span> <span class='ocrx_word' id='word_1_27' title='bbox 962 611 1015 670; x_wconf 87' lang='lat' dir='ltr'>hac</span> <span class='ocrx_word' id='word_1_28' title='bbox 1031 633 1088 670; x_wconf 92' lang='lat' dir='ltr'>non</span> <span class='ocrx_word' id='word_1_29' title='bbox 1103 613 1219 672; x_wconf 84' lang='lat' dir='ltr'>transla-</span> 
     </span>
     <span class='ocr_line' id='line_1_5' title="bbox 182 689 1219 754; baseline 0.001 -2"><span class='ocrx_word' id='word_1_30' title='bbox 182 704 275 753; x_wconf 84' lang='lat' dir='ltr'>tum.</span> <span class='ocrx_word' id='word_1_31' title='bbox 316 692 456 752; x_wconf 86' lang='lat' dir='ltr'>Eiusdem</span> <span class='ocrx_word' id='word_1_32' title='bbox 471 691 625 751; x_wconf 82' lang='lat' dir='ltr'>Orationes</span> <span class='ocrx_word' id='word_1_33' title='bbox 638 690 705 749; x_wconf 85' lang='lat' dir='ltr'>duae</span> <span class='ocrx_word' id='word_1_34' title='bbox 718 689 755 749; x_wconf 94' lang='lat' dir='ltr'>de</span> <span class='ocrx_word' id='word_1_35' title='bbox 769 691 829 748; x_wconf 90' lang='lat' dir='ltr'>Esu</span> <span class='ocrx_word' id='word_1_36' title='bbox 844 691 992 750; x_wconf 85' lang='lat' dir='ltr'>Carnium.</span> <span class='ocrx_word' id='word_1_37' title='bbox 1028 689 1078 748; x_wconf 76' lang='grc'>131</span> <span class='ocrx_word' id='word_1_38' title='bbox 1110 693 1219 754; x_wconf 74' lang='lat' dir='ltr'>Lovon</span> 
     </span>
     <span class='ocr_line' id='line_1_6' title="bbox 162 848 1218 928; baseline 0.002 -20"><span class='ocrx_word' id='word_1_39' title='bbox 162 882 558 900; x_wconf 79' lang='lat'><strong>—----··-—-</strong></span> <span class='ocrx_word' id='word_1_40' title='bbox 575 850 626 908; x_wconf 84' lang='lat' dir='ltr'>Gr.</span> <span class='ocrx_word' id='word_1_41' title='bbox 649 850 675 908; x_wconf 91' lang='lat'>&amp;</span> <span class='ocrx_word' id='word_1_42' title='bbox 699 848 783 927; x_wconf 82' lang='lat' dir='ltr'>Angl.</span> <span class='ocrx_word' id='word_1_43' title='bbox 808 868 846 908; x_wconf 85' lang='lat' dir='ltr'>ex</span> <span class='ocrx_word' id='word_1_44' title='bbox 869 868 978 908; x_wconf 84' lang='lat' dir='ltr'>recens.</span> <span class='ocrx_word' id='word_1_45' title='bbox 1002 849 1081 907; x_wconf 86' lang='lat' dir='ltr'><strong>Sam.</strong></span> <span class='ocrx_word' id='word_1_46' title='bbox 1107 849 1218 928; x_wconf 73' lang='lat' dir='ltr'>Suuire.</span> 
     </span>
    </p>

    <p class='ocr_par' dir='ltr' id='par_1_3' title="bbox 163 927 1221 1165">
     <span class='ocr_line' id='line_1_7' title="bbox 201 927 1219 1007; baseline -0.002 -17"><span class='ocrx_word' id='word_1_47' title='bbox 201 933 393 990; x_wconf 86' lang='lat' dir='ltr'>Accesserunt</span> <span class='ocrx_word' id='word_1_48' title='bbox 406 928 559 1007; x_wconf 85' lang='lat' dir='ltr'>Xylandri,</span> <span class='ocrx_word' id='word_1_49' title='bbox 580 930 706 997; x_wconf 84' lang='lat' dir='ltr'>Baxteri,</span> <span class='ocrx_word' id='word_1_50' title='bbox 726 927 858 997; x_wconf 81' lang='lat' dir='ltr'>Bentleii,</span> <span class='ocrx_word' id='word_1_51' title='bbox 879 928 1044 988; x_wconf 87' lang='lat' dir='ltr'>Marklandi</span> <span class='ocrx_word' id='word_1_52' title='bbox 1064 929 1219 1004; x_wconf 89' lang='lat' dir='ltr'>Conjectu·</span> 
     </span>
     <span class='ocr_line' id='line_1_8' title="bbox 200 1006 869 1084; baseline -0.006 -16"><span class='ocrx_word' id='word_1_53' title='bbox 200 1028 249 1068; x_wconf 86' lang='lat' dir='ltr'>rae</span> <span class='ocrx_word' id='word_1_54' title='bbox 263 1019 293 1068; x_wconf 89' lang='lat' dir='ltr'>et</span> <span class='ocrx_word' id='word_1_55' title='bbox 305 1006 540 1068; x_wconf 87' lang='lat' dir='ltr'>Emendationes.</span> <span class='ocrx_word' id='word_1_56' title='bbox 561 1009 592 1065; x_wconf 86' lang='lat'>8⁰</span> <span class='ocrx_word' id='word_1_57' title='bbox 615 1006 730 1066; x_wconf 83' lang='lat' dir='ltr'>Contub.</span> <span class='ocrx_word' id='word_1_58' title='bbox 749 1007 869 1084; x_wconf 73' lang='lat'>[1744]</span> 
     </span>
     <span class='ocr_line' id='line_1_9' title="bbox 163 1086 1221 1165; baseline 0 -18"><span class='ocrx_word' id='word_1_59' title='bbox 163 1121 320 1140; x_wconf 88' lang='lat'>·-—·-</span> <span class='ocrx_word' id='word_1_60' title='bbox 333 1089 379 1147; x_wconf 91' lang='lat' dir='ltr'>De</span> <span class='ocrx_word' id='word_1_61' title='bbox 394 1087 564 1146; x_wconf 87' lang='lat' dir='ltr'>Liberorum</span> <span class='ocrx_word' id='word_1_62' title='bbox 578 1087 768 1146; x_wconf 80' lang='lat' dir='ltr'>Institutione.</span> <span class='ocrx_word' id='word_1_63' title='bbox 792 1087 844 1146; x_wconf 81' lang='lat' dir='ltr'>Gr.</span> <span class='ocrx_word' id='word_1_64' title='bbox 873 1088 905 1144; x_wconf 99' lang='lat'>4⁰</span> <span class='ocrx_word' id='word_1_65' title='bbox 925 1102 971 1165; x_wconf 87' lang='lat' dir='ltr'>op.</span> <span class='ocrx_word' id='word_1_66' title='bbox 986 1086 1109 1144; x_wconf 80' lang='lat' dir='ltr'>Eucluar.</span> <span class='ocrx_word' id='word_1_67' title='bbox 1126 1086 1221 1147; x_wconf 82' lang='lat' dir='ltr'>Cerui-</span> 
     </span>
    </p>
   </div>
   <div class='ocr_carea' id='block_1_3' title="bbox 162 1186 939 1315">
    <p class='ocr_par' dir='ltr' id='par_1_4' title="bbox 162 1186 939 1315">
     <span class='ocr_line' id='line_1_10' title="bbox 201 1186 324 1227; baseline -0.008 -1"><span class='ocrx_word' id='word_1_68' title='bbox 201 1186 324 1227; x_wconf 84' lang='lat' dir='ltr'>cornum.</span> 
     </span>
     <span class='ocr_line' id='line_1_11' title="bbox 162 1243 939 1315; baseline -0.005 -10"><span class='ocrx_word' id='word_1_69' title='bbox 162 1279 478 1298; x_wconf 88' lang='lat'><em>-—-——-—-</em></span> <span class='ocrx_word' id='word_1_70' title='bbox 650 1247 682 1303; x_wconf 95' lang='lat'>4⁰</span> <span class='ocrx_word' id='word_1_71' title='bbox 703 1246 836 1315; x_wconf 79' lang='lat' dir='ltr'>Francos.</span> <span class='ocrx_word' id='word_1_72' title='bbox 852 1243 939 1302; x_wconf 90' lang='grc'><strong>1574.</strong></span> 
     </span>
    </p>
   </div>
   <div class='ocr_carea' id='block_1_4' title="bbox 76 1321 1249 2488">
    <p class='ocr_par' dir='ltr' id='par_1_5' title="bbox 76 1321 1249 2488">
     <span class='ocr_line' id='line_1_12' title="bbox 163 1321 1222 1384; baseline -0.001 0"><span class='ocrx_word' id='word_1_73' title='bbox 163 1356 322 1374; x_wconf 84' lang='lat'><em>--—-</em></span> <span class='ocrx_word' id='word_1_74' title='bbox 336 1327 382 1384; x_wconf 89' lang='lat' dir='ltr'>De</span> <span class='ocrx_word' id='word_1_75' title='bbox 407 1325 517 1383; x_wconf 89' lang='lat' dir='ltr'>Liberis</span> <span class='ocrx_word' id='word_1_76' title='bbox 539 1322 700 1383; x_wconf 86' lang='lat' dir='ltr'>educandis</span> <span class='ocrx_word' id='word_1_77' title='bbox 724 1324 968 1382; x_wconf 84' lang='lat' dir='ltr'>Commentarius.</span> <span class='ocrx_word' id='word_1_78' title='bbox 999 1324 1051 1381; x_wconf 84' lang='lat' dir='ltr'>Gr.</span> <span class='ocrx_word' id='word_1_79' title='bbox 1065 1321 1133 1382; x_wconf 86' lang='lat' dir='ltr'>Lat.</span> <span class='ocrx_word' id='word_1_80' title='bbox 1154 1342 1222 1383; x_wconf 86' lang='lat' dir='ltr'>cura</span> 
     </span>
     <span class='ocr_line' id='line_1_13' title="bbox 204 1402 757 1482; baseline -0.005 -19"><span class='ocrx_word' id='word_1_81' title='bbox 204 1405 301 1463; x_wconf 91' lang='lat' dir='ltr'>Marci</span> <span class='ocrx_word' id='word_1_82' title='bbox 316 1405 473 1464; x_wconf 88' lang='lat' dir='ltr'>Beumleri.</span> <span class='ocrx_word' id='word_1_83' title='bbox 497 1402 545 1464; x_wconf 78' lang='lat'>12⁰</span> <span class='ocrx_word' id='word_1_84' title='bbox 566 1403 658 1482; x_wconf 80' lang='lat' dir='ltr'>Spiroe</span> <span class='ocrx_word' id='word_1_85' title='bbox 671 1403 757 1462; x_wconf 89' lang='grc'><strong>1593.</strong></span> 
     </span>
     <span class='ocr_line' id='line_1_14' title="bbox 480 1480 939 1540; baseline -0.015 1"><span class='ocrx_word' id='word_1_86' title='bbox 480 1482 702 1540; x_wconf 70' lang='lat'>---12⁰</span> <span class='ocrx_word' id='word_1_87' title='bbox 722 1481 792 1540; x_wconf 80' lang='lat' dir='ltr'>Auru.</span> <span class='ocrx_word' id='word_1_88' title='bbox 809 1480 896 1540; x_wconf 84' lang='lat'>1606.</span> <span class='ocrx_word' id='word_1_89' title='bbox 936 1530 939 1534; x_wconf 85' lang='lat'>.</span> 
     </span>
     <span class='ocr_line' id='line_1_15' title="bbox 441 1555 1217 1640; baseline 0 -19"><span class='ocrx_word' id='word_1_90' title='bbox 441 1596 558 1609; x_wconf 91' lang='lat'>——-</span> <span class='ocrx_word' id='word_1_91' title='bbox 583 1555 653 1622; x_wconf 84' lang='lat' dir='ltr'>culn</span> <span class='ocrx_word' id='word_1_92' title='bbox 684 1561 753 1620; x_wconf 90' lang='lat' dir='ltr'>Joh.</span> <span class='ocrx_word' id='word_1_93' title='bbox 786 1560 911 1619; x_wconf 89' lang='lat' dir='ltr'>Minellii</span> <span class='ocrx_word' id='word_1_94' title='bbox 947 1560 1088 1640; x_wconf 90' lang='lat' dir='ltr'>Paraphr.</span> <span class='ocrx_word' id='word_1_95' title='bbox 1121 1558 1217 1621; x_wconf 89' lang='lat' dir='ltr'>studio</span> 
     </span>
     <span class='ocr_line' id='line_1_16' title="bbox 202 1638 699 1720; baseline -0.002 -20"><span class='ocrx_word' id='word_1_96' title='bbox 202 1642 274 1700; x_wconf 88' lang='lat' dir='ltr'>Chr.</span> <span class='ocrx_word' id='word_1_97' title='bbox 288 1638 439 1700; x_wconf 80' lang='lat' dir='ltr'>Junclreri.</span> <span class='ocrx_word' id='word_1_98' title='bbox 460 1644 492 1700; x_wconf 88' lang='lat'>8⁰</span> <span class='ocrx_word' id='word_1_99' title='bbox 511 1643 596 1720; x_wconf 82' lang='lat' dir='ltr'>Lips.</span> <span class='ocrx_word' id='word_1_100' title='bbox 613 1641 699 1700; x_wconf 90' lang='grc'><strong>1704.</strong></span> 
     </span>
     <span class='ocr_line' id='line_1_17' title="bbox 440 1718 1220 1780; baseline -0.003 -1"><span class='ocrx_word' id='word_1_101' title='bbox 440 1755 560 1769; x_wconf 80' lang='grc'>--</span> <span class='ocrx_word' id='word_1_102' title='bbox 573 1723 638 1780; x_wconf 82' lang='lat' dir='ltr'>Lot.</span> <span class='ocrx_word' id='word_1_103' title='bbox 661 1739 729 1778; x_wconf 85' lang='lat' dir='ltr'>curn</span> <span class='ocrx_word' id='word_1_104' title='bbox 751 1718 994 1779; x_wconf 88' lang='lat' dir='ltr'>Annotationibus</span> <span class='ocrx_word' id='word_1_105' title='bbox 1008 1719 1054 1779; x_wconf 90' lang='lat' dir='ltr'>M.</span> <span class='ocrx_word' id='word_1_106' title='bbox 1069 1718 1220 1779; x_wconf 88' lang='lat' dir='ltr'>Guilielmi</span> 
     </span>
     <span class='ocr_line' id='line_1_18' title="bbox 76 1800 573 1874; baseline -0.004 -14"><span class='ocrx_word' id='word_1_107' title='bbox 76 1869 80 1874; x_wconf 44' lang='grc'><strong>,</strong></span> <span class='ocrx_word' id='word_1_108' title='bbox 202 1800 307 1871; x_wconf 76' lang='lat' dir='ltr'>Diezii.</span> <span class='ocrx_word' id='word_1_109' title='bbox 328 1803 360 1860; x_wconf 84' lang='lat'>8⁰</span> <span class='ocrx_word' id='word_1_110' title='bbox 385 1800 470 1858; x_wconf 83' lang='lat' dir='ltr'>Ulmoe</span> <span class='ocrx_word' id='word_1_111' title='bbox 486 1800 573 1858; x_wconf 88' lang='grc'><strong>1709.</strong></span> 
     </span>
     <span class='ocr_line' id='line_1_19' title="bbox 163 1876 1225 1956; baseline -0.001 -17"><span class='ocrx_word' id='word_1_112' title='bbox 163 1910 320 1947; x_wconf 72' lang='grc'>-,--</span> <span class='ocrx_word' id='word_1_113' title='bbox 336 1880 381 1939; x_wconf 91' lang='lat' dir='ltr'>De</span> <span class='ocrx_word' id='word_1_114' title='bbox 404 1880 491 1938; x_wconf 86' lang='lat' dir='ltr'>Facie</span> <span class='ocrx_word' id='word_1_115' title='bbox 514 1881 544 1937; x_wconf 91' lang='lat' dir='ltr'>in</span> <span class='ocrx_word' id='word_1_116' title='bbox 570 1877 649 1937; x_wconf 90' lang='lat' dir='ltr'>Orbe</span> <span class='ocrx_word' id='word_1_117' title='bbox 674 1876 997 1937; x_wconf 76' lang='lat' dir='ltr'>Lunae.1.ut.J0anne</span> <span class='ocrx_word' id='word_1_118' title='bbox 1021 1876 1149 1956; x_wconf 85' lang='lat' dir='ltr'>Keplero</span> <span class='ocrx_word' id='word_1_119' title='bbox 1175 1877 1225 1938; x_wconf 89' lang='lat' dir='ltr'>In·</span> 
     </span>
     <span class='ocr_line' id='line_1_20' title="bbox 204 1958 1249 2035; baseline -0.003 -19"><span class='ocrx_word' id='word_1_120' title='bbox 204 1966 292 2035; x_wconf 87' lang='lat' dir='ltr'>terpr.</span> <span class='ocrx_word' id='word_1_121' title='bbox 313 1960 345 2015; x_wconf 92' lang='lat'>4⁰</span> <span class='ocrx_word' id='word_1_122' title='bbox 366 1958 454 2017; x_wconf 91' lang='grc'><strong>1634.</strong></span> <span class='ocrx_word' id='word_1_123' title='bbox 1239 1973 1249 1997; x_wconf 77' lang='grc'>·</span> 
     </span>
     <span class='ocr_line' id='line_1_21' title="bbox 163 2034 1224 2115; baseline 0.001 -20"><span class='ocrx_word' id='word_1_124' title='bbox 163 2064 322 2086; x_wconf 80' lang='grc'>----</span> <span class='ocrx_word' id='word_1_125' title='bbox 337 2036 423 2096; x_wconf 89' lang='lat' dir='ltr'>Liber</span> <span class='ocrx_word' id='word_1_126' title='bbox 445 2034 481 2095; x_wconf 90' lang='lat' dir='ltr'>de</span> <span class='ocrx_word' id='word_1_127' title='bbox 506 2035 651 2095; x_wconf 83' lang='lat' dir='ltr'>illustrium</span> <span class='ocrx_word' id='word_1_128' title='bbox 676 2034 831 2095; x_wconf 80' lang='lat' dir='ltr'>Mulierum</span> <span class='ocrx_word' id='word_1_129' title='bbox 853 2034 1020 2095; x_wconf 87' lang='lat' dir='ltr'>Virtutibus.</span> <span class='ocrx_word' id='word_1_130' title='bbox 1050 2036 1084 2094; x_wconf 92' lang='lat'>4⁰</span> <span class='ocrx_word' id='word_1_131' title='bbox 1106 2034 1224 2115; x_wconf 77' lang='lat' dir='ltr'>Augeat.</span> 
     </span>
     <span class='ocr_line' id='line_1_22' title="bbox 164 2193 1225 2255; baseline 0.001 -2"><span class='ocrx_word' id='word_1_132' title='bbox 164 2194 425 2253; x_wconf 82' lang='lat' dir='ltr'>——Liber</span> <span class='ocrx_word' id='word_1_133' title='bbox 445 2195 481 2253; x_wconf 88' lang='lat' dir='ltr'>de</span> <span class='ocrx_word' id='word_1_134' title='bbox 504 2212 566 2253; x_wconf 86' lang='lat' dir='ltr'>sera</span> <span class='ocrx_word' id='word_1_135' title='bbox 580 2195 713 2253; x_wconf 86' lang='lat' dir='ltr'>Numinis</span> <span class='ocrx_word' id='word_1_136' title='bbox 728 2193 874 2254; x_wconf 86' lang='lat' dir='ltr'>Vindicta.</span> <span class='ocrx_word' id='word_1_137' title='bbox 895 2194 949 2252; x_wconf 82' lang='lat' dir='ltr'>Gr.</span> <span class='ocrx_word' id='word_1_138' title='bbox 965 2194 1031 2252; x_wconf 82' lang='lat' dir='ltr'>Lot.</span> <span class='ocrx_word' id='word_1_139' title='bbox 1052 2213 1088 2253; x_wconf 87' lang='lat' dir='ltr'>ex</span> <span class='ocrx_word' id='word_1_140' title='bbox 1111 2212 1225 2255; x_wconf 88' lang='lat' dir='ltr'>recens.</span> 
     </span>
     <span class='ocr_line' id='line_1_23' title="bbox 204 2273 905 2351; baseline -0.004 -18"><span class='ocrx_word' id='word_1_141' title='bbox 204 2273 332 2333; x_wconf 83' lang='lat' dir='ltr'>Danielis</span> <span class='ocrx_word' id='word_1_142' title='bbox 346 2273 555 2351; x_wconf 81' lang='lat' dir='ltr'>Wyttcnbach.</span> <span class='ocrx_word' id='word_1_143' title='bbox 575 2276 608 2332; x_wconf 89' lang='lat'>8⁰</span> <span class='ocrx_word' id='word_1_144' title='bbox 627 2274 719 2351; x_wconf 81' lang='lat' dir='ltr'>Lugd.</span> <span class='ocrx_word' id='word_1_145' title='bbox 734 2273 802 2332; x_wconf 80' lang='lat' dir='ltr'>But.</span> <span class='ocrx_word' id='word_1_146' title='bbox 819 2273 905 2335; x_wconf 75' lang='grc'><strong>1773.</strong></span> 
     </span>
     <span class='ocr_line' id='line_1_24' title="bbox 164 2351 1225 2488; baseline 0.003 -77"><span class='ocrx_word' id='word_1_147' title='bbox 164 2365 323 2488; x_wconf 58' lang='grc' dir='ltr'>-Γ-</span> <span class='ocrx_word' id='word_1_148' title='bbox 336 2351 638 2412; x_wconf 84' lang='lat' dir='ltr'>Dedifferentiainter</span> <span class='ocrx_word' id='word_1_149' title='bbox 653 2353 764 2411; x_wconf 91' lang='lat' dir='ltr'>Odium</span> <span class='ocrx_word' id='word_1_150' title='bbox 775 2363 803 2412; x_wconf 87' lang='lat' dir='ltr'>et</span> <span class='ocrx_word' id='word_1_151' title='bbox 815 2351 967 2412; x_wconf 90' lang='lat' dir='ltr'>Invidiam.</span> <span class='ocrx_word' id='word_1_152' title='bbox 989 2351 1055 2409; x_wconf 82' lang='lat' dir='ltr'>Lat.</span> <span class='ocrx_word' id='word_1_153' title='bbox 1075 2351 1125 2412; x_wconf 84' lang='lat' dir='ltr'>fol.</span> <span class='ocrx_word' id='word_1_154' title='bbox 1147 2353 1225 2414; x_wconf 83' lang='lat' dir='ltr'>Bon.</span> 
     </span>
    </p>
   </div>
   <div class='ocr_carea' id='block_1_5' title="bbox 45 2509 1225 2589">
    <p class='ocr_par' dir='ltr' id='par_1_6' title="bbox 45 2509 1225 2589">
     <span class='ocr_line' id='line_1_25' title="bbox 45 2509 1225 2589; baseline 0.003 -21"><span class='ocrx_word' id='word_1_155' title='bbox 45 2547 47 2552; x_wconf 93' lang='lat'>-</span> <span class='ocrx_word' id='word_1_156' title='bbox 164 2540 322 2557; x_wconf 92' lang='lat'><em>—-—-</em></span> <span class='ocrx_word' id='word_1_157' title='bbox 337 2510 485 2569; x_wconf 88' lang='lat' dir='ltr'>Paralelia.</span> <span class='ocrx_word' id='word_1_158' title='bbox 506 2512 571 2570; x_wconf 84' lang='lat' dir='ltr'>Lat.</span> <span class='ocrx_word' id='word_1_159' title='bbox 593 2530 647 2589; x_wconf 89' lang='lat' dir='ltr'>per</span> <span class='ocrx_word' id='word_1_160' title='bbox 669 2511 829 2571; x_wconf 86' lang='lat' dir='ltr'>Guarinum</span> <span class='ocrx_word' id='word_1_161' title='bbox 851 2509 1049 2570; x_wconf 82' lang='lat' dir='ltr'>Veronensem</span> <span class='ocrx_word' id='word_1_162' title='bbox 1072 2530 1089 2569; x_wconf 87' lang='lat' dir='ltr'>e</span> <span class='ocrx_word' id='word_1_163' title='bbox 1113 2511 1225 2572; x_wconf 83' lang='lat' dir='ltr'>Graeco</span> 
     </span>
    </p>
   </div>
   <div class='ocr_carea' id='block_1_6' title="bbox 164 2588 894 2728">
    <p class='ocr_par' dir='ltr' id='par_1_7' title="bbox 164 2588 894 2728">
     <span class='ocr_line' id='line_1_26' title="bbox 201 2588 590 2667; baseline 0.005 -20"><span class='ocrx_word' id='word_1_164' title='bbox 201 2588 339 2649; x_wconf 87' lang='lat' dir='ltr'>traducta.</span> <span class='ocrx_word' id='word_1_165' title='bbox 360 2592 393 2647; x_wconf 87' lang='grc'><strong>41</strong></span> <span class='ocrx_word' id='word_1_166' title='bbox 409 2590 483 2667; x_wconf 83' lang='lat' dir='ltr'>Arg.</span> <span class='ocrx_word' id='word_1_167' title='bbox 501 2591 590 2649; x_wconf 89' lang='grc'><strong>1506.</strong></span> 
     </span>
     <span class='ocr_line' id='line_1_27' title="bbox 164 2667 894 2728; baseline 0.003 -3"><span class='ocrx_word' id='word_1_168' title='bbox 164 2700 638 2717; x_wconf 84' lang='grc'>----------</span> <span class='ocrx_word' id='word_1_169' title='bbox 651 2668 699 2728; x_wconf 88' lang='lat' dir='ltr'>fol.</span> <span class='ocrx_word' id='word_1_170' title='bbox 721 2669 790 2728; x_wconf 83' lang='lat' dir='ltr'>Pur.</span> <span class='ocrx_word' id='word_1_171' title='bbox 806 2667 894 2727; x_wconf 74' lang='lat'>1512.</span> 
     </span>
    </p>
   </div>
   <div class='ocr_carea' id='block_1_7' title="bbox 143 2747 1292 4158">
    <p class='ocr_par' dir='ltr' id='par_1_8' title="bbox 143 2747 1292 4158">
     <span class='ocr_line' id='line_1_28' title="bbox 338 2747 1224 2817; baseline 0.001 -10"><span class='ocrx_word' id='word_1_172' title='bbox 338 2747 495 2817; x_wconf 89' lang='lat' dir='ltr'>Plutarchi,</span> <span class='ocrx_word' id='word_1_173' title='bbox 507 2748 720 2817; x_wconf 87' lang='lat' dir='ltr'>Demosthenis,</span> <span class='ocrx_word' id='word_1_174' title='bbox 740 2758 770 2806; x_wconf 86' lang='lat' dir='ltr'>et</span> <span class='ocrx_word' id='word_1_175' title='bbox 792 2748 939 2807; x_wconf 87' lang='lat' dir='ltr'>Ciceronis</span> <span class='ocrx_word' id='word_1_176' title='bbox 962 2747 1041 2808; x_wconf 84' lang='lat' dir='ltr'>Vitae</span> <span class='ocrx_word' id='word_1_177' title='bbox 1064 2748 1224 2809; x_wconf 81' lang='lat' dir='ltr'>Parallelae.</span> 
     </span>
     <span class='ocr_line' id='line_1_29' title="bbox 204 2827 1177 2886; baseline 0.002 -2"><span class='ocrx_word' id='word_1_178' title='bbox 204 2829 247 2884; x_wconf 88' lang='grc'><strong>41·</strong></span> <span class='ocrx_word' id='word_1_179' title='bbox 259 2829 346 2886; x_wconf 80' lang='lat' dir='ltr'>Oxou.</span> <span class='ocrx_word' id='word_1_180' title='bbox 363 2827 449 2886; x_wconf 87' lang='grc'><strong>1744.</strong></span> <span class='ocrx_word' id='word_1_181' title='bbox 1175 2883 1177 2886; x_wconf 79' lang='grc'>,</span> 
     </span>
     <span class='ocr_line' id='line_1_30' title="bbox 192 2903 1226 2984; baseline 0.003 -20"><span class='ocrx_word' id='word_1_182' title='bbox 192 2960 196 2964; x_wconf 91' lang='grc'><em>,</em></span> <span class='ocrx_word' id='word_1_183' title='bbox 336 2907 381 2964; x_wconf 88' lang='lat' dir='ltr'>De</span> <span class='ocrx_word' id='word_1_184' title='bbox 395 2905 512 2964; x_wconf 88' lang='lat' dir='ltr'>Placitis</span> <span class='ocrx_word' id='word_1_185' title='bbox 526 2904 776 2984; x_wconf 86' lang='lat' dir='ltr'>Philosophorum.</span> <span class='ocrx_word' id='word_1_186' title='bbox 798 2906 853 2966; x_wconf 82' lang='lat' dir='ltr'>Gr.</span> <span class='ocrx_word' id='word_1_187' title='bbox 866 2907 931 2965; x_wconf 80' lang='lat' dir='ltr'>Lot.</span> <span class='ocrx_word' id='word_1_188' title='bbox 953 2905 1020 2968; x_wconf 90' lang='lat' dir='ltr'>Gul.</span> <span class='ocrx_word' id='word_1_189' title='bbox 1038 2903 1150 2968; x_wconf 87' lang='lat' dir='ltr'>Budaeo</span> <span class='ocrx_word' id='word_1_190' title='bbox 1175 2907 1226 2967; x_wconf 91' lang='lat' dir='ltr'>In·</span> 
     </span>
     <span class='ocr_line' id='line_1_31' title="bbox 143 2984 536 3062; baseline 0.01 -25"><span class='ocrx_word' id='word_1_191' title='bbox 143 3031 145 3037; x_wconf 93' lang='lat'>.</span> <span class='ocrx_word' id='word_1_192' title='bbox 203 2994 294 3062; x_wconf 86' lang='lat' dir='ltr'>terpr.</span> <span class='ocrx_word' id='word_1_193' title='bbox 314 2987 346 3042; x_wconf 91' lang='lat'>4⁰</span> <span class='ocrx_word' id='word_1_194' title='bbox 367 2984 435 3043; x_wconf 75' lang='lat' dir='ltr'>Bos.</span> <span class='ocrx_word' id='word_1_195' title='bbox 450 2984 536 3043; x_wconf 86' lang='grc'><strong>1531.</strong></span> 
     </span>
     <span class='ocr_line' id='line_1_32' title="bbox 161 3062 1224 3144; baseline 0.003 -23"><span class='ocrx_word' id='word_1_196' title='bbox 161 3087 324 3110; x_wconf 51' lang='grc'><strong><em>’---·</em></strong></span> <span class='ocrx_word' id='word_1_197' title='bbox 652 3083 707 3144; x_wconf 92' lang='lat' dir='ltr'>per</span> <span class='ocrx_word' id='word_1_198' title='bbox 720 3062 792 3123; x_wconf 90' lang='lat' dir='ltr'>Edu.</span> <span class='ocrx_word' id='word_1_199' title='bbox 806 3064 972 3124; x_wconf 89' lang='lat' dir='ltr'>Corsinum.</span> <span class='ocrx_word' id='word_1_200' title='bbox 991 3064 1024 3122; x_wconf 88' lang='lat'>4⁰</span> <span class='ocrx_word' id='word_1_201' title='bbox 1043 3064 1121 3123; x_wconf 86' lang='lat' dir='ltr'>Flor.</span> <span class='ocrx_word' id='word_1_202' title='bbox 1134 3064 1224 3126; x_wconf 90' lang='grc'><strong>1750.</strong></span> 
     </span>
     <span class='ocr_line' id='line_1_33' title="bbox 164 3142 1162 3222; baseline 0.002 -21"><span class='ocrx_word' id='word_1_203' title='bbox 164 3174 559 3193; x_wconf 74' lang='lat'><strong>——-————-</strong></span> <span class='ocrx_word' id='word_1_204' title='bbox 572 3143 637 3202; x_wconf 81' lang='lat' dir='ltr'>Lat.</span> <span class='ocrx_word' id='word_1_205' title='bbox 659 3144 736 3203; x_wconf 91' lang='lat' dir='ltr'>Guil.</span> <span class='ocrx_word' id='word_1_206' title='bbox 751 3143 869 3204; x_wconf 84' lang='lat' dir='ltr'>Budaeo.</span> <span class='ocrx_word' id='word_1_207' title='bbox 893 3146 924 3202; x_wconf 88' lang='lat'>4⁰</span> <span class='ocrx_word' id='word_1_208' title='bbox 943 3143 1058 3222; x_wconf 78' lang='lat' dir='ltr'>Augeat.</span> <span class='ocrx_word' id='word_1_209' title='bbox 1074 3142 1162 3203; x_wconf 90' lang='grc'><strong>1516.</strong></span> 
     </span>
     <span class='ocr_line' id='line_1_34' title="bbox 165 3221 1223 3301; baseline 0.004 -22"><span class='ocrx_word' id='word_1_210' title='bbox 165 3249 321 3268; x_wconf 77' lang='lat'>——--</span> <span class='ocrx_word' id='word_1_211' title='bbox 336 3221 512 3299; x_wconf 86' lang='lat' dir='ltr'>Opuscvlum</span> <span class='ocrx_word' id='word_1_212' title='bbox 540 3222 688 3301; x_wconf 91' lang='lat' dir='ltr'>quomodo</span> <span class='ocrx_word' id='word_1_213' title='bbox 716 3233 846 3300; x_wconf 87' lang='lat' dir='ltr'>oporteat</span> <span class='ocrx_word' id='word_1_214' title='bbox 877 3222 1088 3283; x_wconf 87' lang='lat' dir='ltr'>adolescentem</span> <span class='ocrx_word' id='word_1_215' title='bbox 1122 3222 1223 3284; x_wconf 83' lang='lat' dir='ltr'>audire</span> 
     </span>
     <span class='ocr_line' id='line_1_35' title="bbox 205 3296 1106 3380; baseline 0.001 -22"><span class='ocrx_word' id='word_1_216' title='bbox 205 3296 354 3360; x_wconf 73' lang='lat' dir='ltr'>Polimata.</span> <span class='ocrx_word' id='word_1_217' title='bbox 376 3300 518 3360; x_wconf 85' lang='lat' dir='ltr'>Gentiano</span> <span class='ocrx_word' id='word_1_218' title='bbox 532 3303 659 3363; x_wconf 84' lang='lat' dir='ltr'>Herueto</span> <span class='ocrx_word' id='word_1_219' title='bbox 672 3304 838 3380; x_wconf 87' lang='lat' dir='ltr'>interprete.</span> <span class='ocrx_word' id='word_1_220' title='bbox 858 3305 890 3362; x_wconf 82' lang='lat'>8⁰</span> <span class='ocrx_word' id='word_1_221' title='bbox 909 3300 1106 3380; x_wconf 68' lang='lat' dir='ltr'>tugalost.</span> 
     </span>
     <span class='ocr_line' id='line_1_36' title="bbox 166 3377 1223 3519; baseline 0.004 -83"><span class='ocrx_word' id='word_1_222' title='bbox 166 3377 514 3519; x_wconf 50' lang='grc' dir='ltr'>-ἶ-Ι-ὂὸξοίἰῐίᾳυεῆ</span> <span class='ocrx_word' id='word_1_223' title='bbox 535 3401 589 3462; x_wconf 91' lang='lat' dir='ltr'>par</span> <span class='ocrx_word' id='word_1_224' title='bbox 607 3382 729 3442; x_wconf 88' lang='lat' dir='ltr'>Maistre</span> <span class='ocrx_word' id='word_1_225' title='bbox 742 3381 871 3461; x_wconf 82' lang='lat' dir='ltr'>Geofroy</span> <span class='ocrx_word' id='word_1_226' title='bbox 885 3381 965 3461; x_wconf 86' lang='lat' dir='ltr'>Tory</span> <span class='ocrx_word' id='word_1_227' title='bbox 978 3379 1015 3439; x_wconf 89' lang='lat' dir='ltr'>de</span> <span class='ocrx_word' id='word_1_228' title='bbox 1028 3380 1168 3460; x_wconf 82' lang='lat' dir='ltr'>Bourges.</span> <span class='ocrx_word' id='word_1_229' title='bbox 1188 3383 1223 3440; x_wconf 82' lang='lat'>8⁰</span> 
     </span>
     <span class='ocr_line' id='line_1_37' title="bbox 231 3481 377 3519; baseline -0.014 -1"><span class='ocrx_word' id='word_1_230' title='bbox 231 3481 273 3519; x_wconf 84' lang='lat' dir='ltr'>au.</span> <span class='ocrx_word' id='word_1_231' title='bbox 371 3503 377 3516; x_wconf 94' lang='lat'>.</span> 
     </span>
     <span class='ocr_line' id='line_1_38' title="bbox 164 3529 1292 3619; baseline 0.003 -22"><span class='ocrx_word' id='word_1_232' title='bbox 164 3540 466 3599; x_wconf 67' lang='lat' dir='ltr'>——Practica</span> <span class='ocrx_word' id='word_1_233' title='bbox 493 3539 645 3601; x_wconf 88' lang='lat' dir='ltr'>Plutarche</span> <span class='ocrx_word' id='word_1_234' title='bbox 672 3541 721 3600; x_wconf 90' lang='lat' dir='ltr'>the</span> <span class='ocrx_word' id='word_1_235' title='bbox 746 3529 887 3602; x_wconf 86' lang='lat' dir='ltr'>excelledt</span> <span class='ocrx_word' id='word_1_236' title='bbox 917 3539 1128 3619; x_wconf 84' lang='lat' dir='ltr'>Phylosopher.</span> <span class='ocrx_word' id='word_1_237' title='bbox 1172 3540 1224 3600; x_wconf 72' lang='lat'>12⁰</span> <span class='ocrx_word' id='word_1_238' title='bbox 1286 3611 1292 3616; x_wconf 33' lang='lat'>,</span> 
     </span>
     <span class='ocr_line' id='line_1_39' title="bbox 205 3619 495 3698; baseline 0.007 -20"><span class='ocrx_word' id='word_1_239' title='bbox 205 3620 296 3679; x_wconf 85' lang='lat' dir='ltr'>Lond.</span> <span class='ocrx_word' id='word_1_240' title='bbox 318 3619 389 3677; x_wconf 82' lang='lat' dir='ltr'>Roh.</span> <span class='ocrx_word' id='word_1_241' title='bbox 408 3619 495 3698; x_wconf 70' lang='lat' dir='ltr'>Wyer.</span> 
     </span>
     <span class='ocr_line' id='line_1_40' title="bbox 337 3697 874 3762; baseline 0.011 -6"><span class='ocrx_word' id='word_1_242' title='bbox 337 3699 529 3759; x_wconf 83' lang='lat' dir='ltr'>Problemata.</span> <span class='ocrx_word' id='word_1_243' title='bbox 550 3700 616 3757; x_wconf 86' lang='lat' dir='ltr'>Lut.</span> <span class='ocrx_word' id='word_1_244' title='bbox 636 3697 684 3758; x_wconf 86' lang='lat' dir='ltr'>fol.</span> <span class='ocrx_word' id='word_1_245' title='bbox 709 3699 772 3760; x_wconf 84' lang='lat' dir='ltr'>Ven.</span> <span class='ocrx_word' id='word_1_246' title='bbox 787 3699 874 3762; x_wconf 87' lang='grc'><strong>1501.</strong></span> 
     </span>
     <span class='ocr_line' id='line_1_41' title="bbox 206 3775 1223 3914; baseline -0.001 -77"><span class='ocrx_word' id='word_1_247' title='bbox 206 3855 279 3914; x_wconf 64' lang='lat'>1501</span> <span class='ocrx_word' id='word_1_248' title='bbox 480 3811 637 3825; x_wconf 92' lang='lat'>-—-</span> <span class='ocrx_word' id='word_1_249' title='bbox 652 3799 704 3858; x_wconf 90' lang='lat' dir='ltr'>per</span> <span class='ocrx_word' id='word_1_250' title='bbox 714 3780 794 3841; x_wconf 90' lang='lat' dir='ltr'>loan.</span> <span class='ocrx_word' id='word_1_251' title='bbox 806 3781 883 3841; x_wconf 90' lang='lat' dir='ltr'>Petr.</span> <span class='ocrx_word' id='word_1_252' title='bbox 893 3776 1063 3840; x_wconf 75' lang='lat' dir='ltr'>Lucentem.</span> <span class='ocrx_word' id='word_1_253' title='bbox 1082 3775 1133 3839; x_wconf 82' lang='lat' dir='ltr'>tot.</span> <span class='ocrx_word' id='word_1_254' title='bbox 1159 3776 1223 3837; x_wconf 82' lang='lat' dir='ltr'>Ven.</span> 
     </span>
     <span class='ocr_line' id='line_1_42' title="bbox 164 3926 1223 4020; baseline 0.001 -26"><span class='ocrx_word' id='word_1_255' title='bbox 164 3965 323 3984; x_wconf 89' lang='lat'>---</span> <span class='ocrx_word' id='word_1_256' title='bbox 336 3936 446 3995; x_wconf 69' lang='lat' dir='ltr'>Traitte</span> <span class='ocrx_word' id='word_1_257' title='bbox 469 3937 506 3996; x_wconf 91' lang='lat' dir='ltr'>de</span> <span class='ocrx_word' id='word_1_258' title='bbox 528 3926 555 3996; x_wconf 88' lang='lat' dir='ltr'>la</span> <span class='ocrx_word' id='word_1_259' title='bbox 578 3937 774 4016; x_wconf 71' lang='lat' dir='ltr'>superstition,</span> <span class='ocrx_word' id='word_1_260' title='bbox 793 3939 932 4020; x_wconf 62' lang='lat' dir='ltr'>compos&amp;</span> <span class='ocrx_word' id='word_1_261' title='bbox 947 3957 1001 4018; x_wconf 85' lang='lat' dir='ltr'>par</span> <span class='ocrx_word' id='word_1_262' title='bbox 1023 3937 1173 4015; x_wconf 83' lang='lat' dir='ltr'>Plrtarque</span> <span class='ocrx_word' id='word_1_263' title='bbox 1191 3935 1223 3995; x_wconf 68' lang='grc' dir='ltr'><strong>ἃ</strong></span> 
     </span>
     <span class='ocr_line' id='line_1_43' title="bbox 188 4015 1226 4095; baseline 0.004 -22"><span class='ocrx_word' id='word_1_264' title='bbox 188 4015 190 4019; x_wconf 75' lang='grc'>’</span> <span class='ocrx_word' id='word_1_265' title='bbox 204 4015 311 4074; x_wconf 88' lang='lat' dir='ltr'>traduit</span> <span class='ocrx_word' id='word_1_266' title='bbox 324 4034 376 4095; x_wconf 93' lang='lat' dir='ltr'>par</span> <span class='ocrx_word' id='word_1_267' title='bbox 389 4016 435 4075; x_wconf 92' lang='lat' dir='ltr'>M.</span> <span class='ocrx_word' id='word_1_268' title='bbox 450 4017 490 4075; x_wconf 91' lang='lat' dir='ltr'>Le</span> <span class='ocrx_word' id='word_1_269' title='bbox 504 4019 604 4089; x_wconf 86' lang='lat' dir='ltr'>Feure,</span> <span class='ocrx_word' id='word_1_270' title='bbox 623 4038 690 4079; x_wconf 87' lang='lat' dir='ltr'>auec</span> <span class='ocrx_word' id='word_1_271' title='bbox 713 4039 752 4077; x_wconf 93' lang='lat' dir='ltr'>un</span> <span class='ocrx_word' id='word_1_272' title='bbox 769 4019 920 4082; x_wconf 85' lang='lat' dir='ltr'>Eutretien</span> <span class='ocrx_word' id='word_1_273' title='bbox 934 4038 985 4080; x_wconf 83' lang='lat' dir='ltr'>sur</span> <span class='ocrx_word' id='word_1_274' title='bbox 997 4017 1025 4078; x_wconf 85' lang='lat' dir='ltr'>la</span> <span class='ocrx_word' id='word_1_275' title='bbox 1038 4017 1094 4078; x_wconf 90' lang='lat' dir='ltr'>Vie</span> <span class='ocrx_word' id='word_1_276' title='bbox 1109 4015 1146 4076; x_wconf 89' lang='lat' dir='ltr'>de</span> <span class='ocrx_word' id='word_1_277' title='bbox 1161 4015 1226 4077; x_wconf 86' lang='lat' dir='ltr'>Ro·</span> 
     </span>
     <span class='ocr_line' id='line_1_44' title="bbox 203 4095 598 4158; baseline 0.008 -5"><span class='ocrx_word' id='word_1_278' title='bbox 203 4095 308 4154; x_wconf 84' lang='lat' dir='ltr'>mulus.</span> <span class='ocrx_word' id='word_1_279' title='bbox 332 4096 380 4154; x_wconf 70' lang='lat'>12⁰</span> <span class='ocrx_word' id='word_1_280' title='bbox 399 4097 494 4155; x_wconf 78' lang='lat' dir='ltr'>Suum.</span> <span class='ocrx_word' id='word_1_281' title='bbox 510 4096 598 4158; x_wconf 88' lang='grc'><strong>1666.</strong></span> 
     </span>
    </p>
   </div>
   <div class='ocr_carea' id='block_1_8' title="bbox 164 4171 1224 4313">
    <p class='ocr_par' dir='ltr' id='par_1_9' title="bbox 164 4171 1224 4313">
     <span class='ocr_line' id='line_1_45' title="bbox 164 4171 1224 4313; baseline 0.003 -81"><span class='ocrx_word' id='word_1_282' title='bbox 164 4205 321 4313; x_wconf 50' lang='lat' dir='ltr'>W</span> <span class='ocrx_word' id='word_1_283' title='bbox 334 4185 412 4235; x_wconf 73' lang='lat' dir='ltr'>Errroe</span> <span class='ocrx_word' id='word_1_284' title='bbox 423 4183 508 4249; x_wconf 76' lang='grc' dir='ltr'><strong><em>Σοφων</em></strong></span> <span class='ocrx_word' id='word_1_285' title='bbox 521 4187 674 4256; x_wconf 76' lang='grc' dir='ltr'><strong>Συμποσιον.</strong></span> <span class='ocrx_word' id='word_1_286' title='bbox 699 4178 750 4238; x_wconf 82' lang='lat' dir='ltr'>Gr.</span> <span class='ocrx_word' id='word_1_287' title='bbox 764 4179 828 4241; x_wconf 79' lang='lat' dir='ltr'>Lot.</span> <span class='ocrx_word' id='word_1_288' title='bbox 860 4182 892 4240; x_wconf 81' lang='lat'>4⁰</span> <span class='ocrx_word' id='word_1_289' title='bbox 912 4179 982 4240; x_wconf 78' lang='lat' dir='ltr'>Par.</span> <span class='ocrx_word' id='word_1_290' title='bbox 1003 4177 1082 4259; x_wconf 77' lang='lat' dir='ltr'>apud</span> <span class='ocrx_word' id='word_1_291' title='bbox 1107 4171 1224 4243; x_wconf 69' lang='lat' dir='ltr'>Weclucl·</span> 
     </span>
    </p>
   </div>
   <div class='ocr_carea' id='block_1_9' title="bbox 936 4408 1223 4477">
    <p class='ocr_par' dir='ltr' id='par_1_10' title="bbox 936 4408 1223 4477">
     <span class='ocr_line' id='line_1_46' title="bbox 936 4408 1223 4477; baseline -0.01 -3"><span class='ocrx_word' id='word_1_292' title='bbox 936 4408 1223 4477; x_wconf 78' lang='lat' dir='ltr'>PLUTARCHUS.</span> 
     </span>
    </p>
   </div>
   <div class='ocr_carea' id='block_1_10' title="bbox 0 0 1324 4852">
    <p class='ocr_par' dir='ltr' id='par_1_11' title="bbox 0 0 1324 4852">
     <span class='ocr_line' id='line_1_47' title="bbox 0 0 1324 4852; baseline 0 0"><span class='ocrx_word' id='word_1_293' title='bbox 0 0 1324 4852; x_wconf 95' lang='lat' dir='ltr'> </span> 
     </span>
    </p>
   </div>
  </div>
 </body>
</html>
